@Book{cgreen,
  author    = "Cordell Green",
  title     = "Application of Theorem Proving to Problem Solving",
  publisher = "IJCAI",
  month     = mar,
  year      = 1969,
  address   = "Menlo Park, California"
}
@Misc{prolog-pdf,
  title        = {\textit{Lecture Notes An Introduction to Prolog Programming}},
  author       = "Ulle Endriss",
  month        = aug,
  year         = 2005,
  howpublished = {URL: \url{https://staff.science.uva.nl/u.endriss/teaching/prolog/prolog.pdf}}
}
@Misc{krywae-wiki-de,
  key          = {krypwae},
  title        = {\textit{Kryptow√§hrung - Wikipedia}},
  howpublished = {URL: \url{https://de.wikipedia.org/wiki/Kryptow%C3%A4hrung}}
}
@Misc{hisbtc-wiki-en,
  key          = {hisbtc},
  title        = {\textit{History of bitcoin - Wikipedia}},
  howpublished = {URL: \url{https://en.wikipedia.org/wiki/History_of_bitcoin}}
}
@Misc{krypt-wiki-de,
  key          = {krypt},
  title        = {\textit{Kryptographie - Wikipedia}},
  howpublished = {URL: \url{https://de.wikipedia.org/wiki/Kryptographie}}
}
@Misc{btc-faq,
  key          = {btcfaq},
  title        = {\textit{FAQ - Bitcoin}},
  howpublished = {URL: \url{https://bitcoin.org/de/faq}}
}
